<record xmlns='http://www.loc.gov/MARC21/slim'><leader>01659cam a2200385M  4500</leader><controlfield tag='001'>a6746733</controlfield><controlfield tag='003'>SIRSI</controlfield><controlfield tag='005'>20150321050002.0</controlfield><controlfield tag='008'>050425s2001    enk    j      000 f eng d</controlfield><datafield ind1=' ' ind2=' ' tag='015'><subfield code='a'>GBA1-34563</subfield></datafield><datafield ind1=' ' ind2=' ' tag='020'><subfield code='a'>058243467X</subfield></datafield><datafield ind1=' ' ind2=' ' tag='020'><subfield code='a'>9780582434677</subfield></datafield><datafield ind1=' ' ind2=' ' tag='035'><subfield code='a'>(OCoLC-M)59531112</subfield></datafield><datafield ind1=' ' ind2=' ' tag='035'><subfield code='a'>(OCoLC-I)275809023</subfield></datafield><datafield ind1=' ' ind2=' ' tag='040'><subfield code='a'>UKV3G</subfield><subfield code='c'>UKV3G</subfield><subfield code='d'>UKM</subfield><subfield code='d'>TXA</subfield><subfield code='d'>TVG</subfield><subfield code='d'>YDXCP</subfield></datafield><datafield ind1=' ' ind2=' ' tag='043'><subfield code='a'>n-us-ca</subfield><subfield code='a'>n-us-ok</subfield></datafield><datafield ind1='0' ind2='4' tag='082'><subfield code='a'>428.6</subfield><subfield code='2'>21</subfield></datafield><datafield ind1=' ' ind2=' ' tag='090'><subfield code='a'>PR6120.R55</subfield><subfield code='b'>G73 2001</subfield></datafield><datafield ind1='1' ind2=' ' tag='100'><subfield code='a'>Trimarco, Paola.</subfield><subfield code=' '>^A1924043</subfield></datafield><datafield ind1='1' ind2='4' tag='245'><subfield code='a'>The grapes of wrath /</subfield><subfield code='c'>John Steinbeck ; retold by Paola Trimarco.</subfield></datafield><datafield ind1=' ' ind2=' ' tag='260'><subfield code='a'>Harlow :</subfield><subfield code='b'>Pearson Education,</subfield><subfield code='c'>2001.</subfield></datafield><datafield ind1=' ' ind2=' ' tag='300'><subfield code='a'>vii, 85 p. ;</subfield><subfield code='c'>20 cm.</subfield></datafield><datafield ind1='1' ind2=' ' tag='490'><subfield code='a'>Penguin readers. Level 5</subfield></datafield><datafield ind1=' ' ind2=' ' tag='596'><subfield code='a'>31</subfield></datafield><datafield ind1=' ' ind2='4' tag='650'><subfield code='a'>Göçebe tarım işçileri</subfield><subfield code='v'>Roman.</subfield></datafield><datafield ind1=' ' ind2='4' tag='650'><subfield code='a'>Çiftçi aileleri</subfield><subfield code='v'>Roman.</subfield></datafield><datafield ind1=' ' ind2='0' tag='650'><subfield code='a'>Migrant agricultural laborers</subfield><subfield code='v'>Fiction.</subfield><subfield code=' '>^A2102802</subfield></datafield><datafield ind1=' ' ind2='0' tag='650'><subfield code='a'>Depressions</subfield><subfield code='v'>Fiction.</subfield><subfield code=' '>^A2097806</subfield></datafield><datafield ind1=' ' ind2='0' tag='650'><subfield code='a'>Rural families</subfield><subfield code='v'>Fiction.</subfield><subfield code=' '>^A2105115</subfield></datafield><datafield ind1=' ' ind2='4' tag='690'><subfield code='a'>Foreign editions of the works of John Steinbeck.</subfield></datafield><datafield ind1='1' ind2=' ' tag='700'><subfield code='a'>Steinbeck, John,</subfield><subfield code='d'>1902-1968.</subfield><subfield code='t'>Grapes of wrath.</subfield><subfield code=' '>^A2091926</subfield></datafield><datafield ind1=' ' ind2='0' tag='830'><subfield code='a'>Penguin readers.</subfield><subfield code='n'>Level 5.</subfield><subfield code=' '>^A1923559</subfield></datafield><datafield ind1=' ' ind2=' ' tag='994'><subfield code='a'>Z0</subfield><subfield code='b'>STF</subfield></datafield><datafield ind1=' ' ind2=' ' tag='920'><subfield code='a'>When the Joads lose their farm in the Oklaholma dust-bowl, they join the thousands of people travelling towards the golden promise of California. Instead they meet hostility, humiliation and poverty. Steinbeck&apos;s portrait of the horrors of the Depression is a landmark of American literature and won the Pulitzer Prize.</subfield><subfield code='1'>Nielsen</subfield></datafield><datafield ind1=' ' ind2=' ' tag='999'><subfield code='a'>PR6120 .R55 G73 2001</subfield><subfield code='w'>LC</subfield><subfield code='c'>1</subfield><subfield code='i'>36105115298817</subfield><subfield code='d'>12/16/2010</subfield><subfield code='l'>PAGE-SP</subfield><subfield code='m'>SAL3</subfield><subfield code='r'>Y</subfield><subfield code='s'>Y</subfield><subfield code='t'>NH-INHOUSE</subfield><subfield code='u'>2/5/2007</subfield></datafield></record>